@Article{SVM:Cortes1995,
    author="Cortes, Corinna
    and Vapnik, Vladimir",
    title="Support-vector networks",
    journal="Machine Learning",
    year="1995",
    volume="20",
    number="3",
    pages="273--297",
    issn="1573-0565",
    doi="10.1007/BF00994018",
    url="http://dx.doi.org/10.1007/BF00994018"
}

@misc{SVM:Wiki,
    author = "Wikipedia",
    title = "{Support vector machine}",
    year = "2017",
    howpublished ={\url{https://en.wikipedia.org/wiki/Support_vector_machine}},
    note = "[Online; accessed 25-01-2017]"
}

@misc{SVM:Simple,
    author = "KDnuggets",
    title = "{Support Vector Machines: A Simple Explanation}",
    year = "2016",
    howpublished ={\url{http://www.kdnuggets.com/2016/07/support-vector-machines-simple-explanation.html}},
    note = "[Online; accessed 25-01-2017]"
}

@misc{thresh:Wiki,
    author = "Wikipedia",
    title = "{Thresholding (image processing)}",
    year = "2017",
    howpublished ={\url{https://en.wikipedia.org/wiki/Thresholding_(image_processing)}},
    note = "[Online; accessed 26-01-2017]"
}

@article{thresh:multilevel,
    title = "Framework for efficient optimal multilevel image thresholding",
    author = "Martin Luessi and Marco Eichmann and Schuster, {Guido M.} and Katsaggelos, {Aggelos K.}",
    year = "2009",
    doi = "10.1117/1.3073891",
    volume = "18",
    journal = "Journal of Electronic Imaging",
    issn = "1017-9909",
    publisher = "SPIE",
    number = "1"

}

@article{singh2010svm,
  title={Svm-bdt pnn and fourier moment technique for classification of leaf shape},
  author={Singh, Krishna and Gupta, Indra and Gupta, Sangeeta},
  journal={International Journal of Signal Processing, Image Processing and Pattern Recognition},
  volume={3},
  number={4},
  pages={67--78},
  year={2010}
}

@misc{OpenCV,
    author = "Itseez",
    title = "{OpenCV}",
    year = "2017",
    howpublished ={\url{http://opencv.org/}},
    note = "[Online; accessed 25-01-2017]"
}